<?xml version="1.0" encoding="UTF-8"?>
<collection xmlns:xsi="http://www.w3.org/2001/XMLSchema-instance" xsi:schemaLocation="http://www.loc.gov/MARC21/slim http://www.loc.gov/standards/marcxml/schema/MARC21slim.xsd" xmlns="http://www.loc.gov/MARC21/slim">
<record>
  <leader>01081cam a2200277 a 4500</leader>
  <controlfield tag="001">3178950</controlfield>
  <controlfield tag="003">NNC</controlfield>
  <controlfield tag="005">20130520201144.0</controlfield>
  <controlfield tag="008">850103s1882    tu            000 0 araod</controlfield>
  <datafield tag="035" ind1=" " ind2=" ">
    <subfield code="a">(OCoLC)ocm11541339</subfield>
  </datafield>
  <datafield tag="035" ind1=" " ind2=" ">
    <subfield code="9">AUC1655CU</subfield>
  </datafield>
  <datafield tag="035" ind1=" " ind2=" ">
    <subfield code="a">(NNC)3178950</subfield>
  </datafield>
  <datafield tag="035" ind1=" " ind2=" ">
    <subfield code="a">3178950</subfield>
  </datafield>
  <datafield tag="040" ind1=" " ind2=" ">
    <subfield code="a">WAU</subfield>
    <subfield code="c">WAU</subfield>
    <subfield code="d">OCL</subfield>
    <subfield code="d">ZCU</subfield>
  </datafield>
  <datafield tag="099" ind1=" " ind2=" ">
    <subfield code="a">893.73</subfield>
    <subfield code="a">H22</subfield>
  </datafield>
  <datafield tag="100" ind1="0" ind2=" ">
    <subfield code="a">Ḥarīrī,</subfield>
    <subfield code="d">1054-1122.</subfield>
  </datafield>
  <datafield tag="240" ind1="1" ind2="0">
    <subfield code="a">Durrat al-ghawwāṣ fī awhām al-khawwāṣ.</subfield>
    <subfield code="f">1882</subfield>
  </datafield>
  <datafield tag="245" ind1="1" ind2="0">
    <subfield code="a">Kitāb durrat al-ghawwāṣ fī awhām al-khawwāṣ /</subfield>
    <subfield code="c">Abū Muḥammad al-Qāsim ibn ʻAlī al-Ḥarīrī. Wa-fī ākhirih al-Sharḥ / Aḥmad Shihāb al-Dīn al-Khafājī.</subfield>
  </datafield>
  <datafield tag="250" ind1=" " ind2=" ">
    <subfield code="a">al-Ṭabʻah 1.</subfield>
  </datafield>
  <datafield tag="260" ind1=" " ind2=" ">
    <subfield code="a">Qusṭanṭīnīyah :</subfield>
    <subfield code="b">Maṭbaʻat al-Jawāʾib,</subfield>
    <subfield code="c">1299 [1882]</subfield>
  </datafield>
  <datafield tag="300" ind1=" " ind2=" ">
    <subfield code="a">143, 265 p. ;</subfield>
    <subfield code="c">24 cm.</subfield>
  </datafield>
  <datafield tag="650" ind1=" " ind2="0">
    <subfield code="a">Arabic language</subfield>
    <subfield code="x">Idioms.</subfield>
  </datafield>
  <datafield tag="650" ind1=" " ind2="0">
    <subfield code="a">Arabic language</subfield>
    <subfield code="x">Syntax.</subfield>
  </datafield>
  <datafield tag="700" ind1="1" ind2="2">
    <subfield code="a">Khafājī, Aḥmad ibn Muḥammad,</subfield>
    <subfield code="d">1571 or 1572-1659.</subfield>
    <subfield code="t">Sharḥ Durrat al-ghawwāṣ fī awhām al-khawwāṣ.</subfield>
  </datafield>
  <datafield tag="710" ind1="2" ind2=" ">
    <subfield code="a">Maṭbaʻat al-Jawāʼib.</subfield>
  </datafield>
  <datafield tag="955" ind1=" " ind2=" ">
    <subfield code="b">CU58960732</subfield>
    <subfield code="d">off,glx</subfield>
    <subfield code="e">893.73 H22</subfield>
  </datafield>
</record>
</collection>